@Article{terrorism,
author = {Europol Union Agency for Law Enforcement Cooperation},
title = {Terrorism Situation and Trends Raport},
year = {2017},
}

@online{hillsborough,
title = {Hillsborough disaster},
year = {2017},
url = {https://en.wikipedia.org/wiki/Hillsborough_disaster},
OPTurldate = {19.12.2017},
}

@online{lovedisaster,
title = {Love Parade disaster},
year = {2017},
url = {https://en.wikipedia.org/wiki/Love_Parade_disaster},
OPTurldate = {19.12.2017},
}

@Article{modelowanieDynamikiTlumu,
author = {Jarosław Wąs},
title = {Modelowanie Dynamiki Tłumu},
journal = {Akadamia Górniczo-Hutnicza, wydział EAIiE, Katedra Automatyki},
year = {2011},
}

@Article{HeBuAjTw,
author = {Helbing D., Buzna L, Johansson A, Werner T},
title = {Self-Organized Pedestrian Crowd Dynamics: Experiments, Simulations, and Design Solutions},
journal = {Transportation Science},
year = {2005},
}

@Article{AMSFMfPBSaSC,
author = {Weiliang Zeng, Hideki Nakamura, Peng Chen},
title = {A Modified Social Force Model for Pedestrian Behaviour Simulation at Signalized Crosswalks},
journal = {Department od Civil Engineering, Nagoya University, Japan},
year = {2014},
}


@Article{Asfemwle,
author = {Lei Hou and Jian-Gou Liu and Xue Pan and Bing-Hong Wang},
title = {A social force evacuation model with leadership effect},
journal = {Department od Civil Engineering, Nagoya University, Japan},
year = {2014},
}

@Article{SforceModelForPedDyn,
author = {Dirk Helbing and P\'{e}ter Moln\'{a}r},
title = {Social force model for pedestrian dynamics},
jurnal = {Institute of Theoretical Physics, University of Stuttgart},
year = {1995},
}

@Article{GuideCrowdDynViaModifiedSocialForceModel,
author = {Xiaoxia Yang and Hairong Dong and Qianling Wang and Yao Chen and Xiaoming Hu},
title = {Guided crowd dynamics via modified social force model},
jurnal = {Beijing Jiaotong University, Beijing and Royal Institute of Technology (KTH), Stockholm},
year = {2014},
}

@Article{ArchitekturaModelowania,
author = {Konrad Kułakowski, Jarosław Wąs},
title = {Architektura systemu modelowania dynamiki pieszych},
year = {2009},
}

@Article{FormalizacjaAutomatow,
author = {Ewa Dudek-Dyduch, Jarosław Wąs},
title = {Formalizacja automatów komórkowych w zagadnieniach symulacji dynamiki pieszych},
year = {2005},
}

@Article{6,
author = {Fredrik Johansson, Anders Peterson, Andreas Tapani},
title = {Waiting Pedestrians in Social Force Model},
year = {2015},
}

@Article{Collision,
author = {Charif Foudil and C\'{e}dric Sanza and Yves Duthen},
title = {Path Finding and Collision Avoidance in Crowd Simulation},
year = {2009},
}

@online{searchpathsimplementations,
author = {Justin Weatherell},
title = {Java Algorithms Implementation},
year = {2015},
url = {https://github.com/phishman3579/java-algorithms-implementation},
}

@Article{relativeVelocity,
author = {Yuan Gao and Peter B. Luh and Hui Zang and Teo Chen},
title = {A modified social force model considering relative velocity of pedestrians},
year = {2013},
}

@Article{metodologiaZachowan,
author = {Krajowa Rada Bezpieczeństwa Ruchu Drogowego},
title = {Metodologia systematycznych badań zachowań pieszych i relacji pieszykierowca wraz z przeprowadzeniem badań pilotażowych},
year = {2015},
}

@Article{simulationChallenges,
author = {R Balu},
title = {Challenges in the Application of Computer Simulations Models for Design
Optimisation},
jurnal = {Research & Reviews: Journal of Engineering and Technology}
year = {2015},
}

@Article{transporttechnikDerFussganger,
author = {Ulrich Weidmann},
title = {Transporttechnik der Fussgänger},
jurnal = {Institut für Verkehrsplannung, Transporttechnik, Strassen und Eisenbahnbau}
year = {1993},
}

@online{mooreslaw,
title = {Moore's law},
year = {2017},
url = {https://pl.wikipedia.org/wiki/Prawo_Moore%E2%80%99a},
OPTurldate = {19.12.2017},
}

@online{simulationLimits,
title = {Simulation Has Its Limits},
year = {1997},
author = {Kristi Coale},
url = {https://www.wired.com/1997/07/simulation-has-its-limits/},
OPTurldate = {06.01.2017},
}

@online{simulationInGeneral,
title = {Issues Regarding Computer Modeling and Simulation},
url = {https://ethics.csc.ncsu.edu/old/04_97/f97/13.html#Limitations},
OPTurldate = {06.01.2017},
}

@MastersThesis{SocialForceSuwala,
author = {Michał Suwała},
title = {Platforma do symulacji dynamiki ruchu pieszych oparta na
modelu Social Force},
school = {Akademia Górniczo-Hutnicza w Krakowie},
year = {2016},
}

@Article{modelingFuzzyLogic,
author = {Min Zhou and Hairong Dong and Fei-Yue Wang and Quianling Wang and Xiaoxia Yang},
title = {Modeling and simulation of pedestrian dynamical behaviour base on a fuzzy logic approach},
jurnal = {Elsevier},
year = {2016},
}

@Article{oscillations,
author = {Tobias Kertz},
title = {On oscillations in the Social Force Model},
jurnal = {PTV Group},
year = {2015},
}

